@incollection{eXtreme,
author = {Blankenship, J. and Bussa, M. and Millet, S.},
booktitle = {Pro Agile .NET Development with Scrum},
chapter = {3},
title = {{eXtreme Programming}},
year = {2011}
}
