
@ARTICLE{article:Ejemplo,
  author = {Autor Apellidos},
  title = {Titulo del artículo},
  journal = {Revista de publicación},
  year = {2008},
  pages = {65-73},
  owner = {Administrador},
}
